@book{womak:lean-thinking,
    author  = {James P. Womack, Daniel T. Jones},
    title   = {Lean Thinking, Second Editon},
    publisher = {Simon \& Schuster, Inc.},
    year    = {2010}
}

@online{site:wintech,
    title   = {Wintech},
    url     = {https://www.wintech.it/}
}

@online{site:atlassian_scrum,
    title   = {Atlassian, Scrum},
    url     = {https://www.atlassian.com/it/agile/scrum}
}
